<?xml version="1.0" encoding="UTF-8"?><record xmlns="http://www.loc.gov/MARC21/slim" xmlns:cinclude="http://apache.org/cocoon/include/1.0" xmlns:zs="http://www.loc.gov/zing/srw/">
  <leader>00523cz  a2200121n  4500</leader>
  <controlfield tag="001">n  91007919 </controlfield>
  <controlfield tag="003">DLC</controlfield>
  <controlfield tag="005">19910128090604.6</controlfield>
  <controlfield tag="008">910125n| acannaab|          |n aaa |||  </controlfield>
  <datafield tag="010" ind1=" " ind2=" ">
    <subfield code="a">n  91007919 </subfield>
  </datafield>
  <datafield tag="040" ind1=" " ind2=" ">
    <subfield code="a">DLC</subfield>
    <subfield code="c">DLC</subfield>
    <subfield code="d">DLC</subfield>
  </datafield>
  <datafield tag="100" ind1="1" ind2="0">
    <subfield code="a">Ren, Z. D.,</subfield>
    <subfield code="d">1941-</subfield>
  </datafield>
  <datafield tag="670" ind1=" " ind2=" ">
    <subfield code="a">Rao, M.M. Theory of Orlicz spaces, 1991:</subfield>
    <subfield code="b">CIP t.p. (Z.D. Ren, Dept. of Mathematics and Computer Science, Univ. of Calif., Riverside, Calif.) pub. info. (prof. of math., Xiangtan Univ., People's Rep. of China; grad. of Lanchow Univ., P.R.C.) data sheet (b. 1-6-41)</subfield>
  </datafield>
</record>